@misc{zhang2018endtoend,
      title={End-to-end Symmetry Preserving Inter-atomic Potential Energy Model for Finite and Extended Systems}, 
      author={Linfeng Zhang and Jiequn Han and Han Wang and Wissam A. Saidi and Roberto Car and Weinan E},
      year={2018},
      eprint={1805.09003},
      archivePrefix={arXiv},
      primaryClass={physics.comp-ph}
}